@article{doi:10.1080/03610918908812806,
author = {   M.F.   Hutchinson },
title = {A Stochastic Estimator of the Trace of the Influence Matrix for Laplacian Smoothing Splines},
journal = {Communications in Statistics - Simulation and Computation},
volume = {18},
number = {3},
pages = {1059-1076},
year  = {1989},
publisher = {Taylor & Francis},
doi = {10.1080/03610918908812806},

URL = { 
        https://doi.org/10.1080/03610918908812806
    
},
eprint = { 
        https://doi.org/10.1080/03610918908812806
    
}

}

@article{bai1996some,
  title={Some large-scale matrix computation problems},
  author={Bai, Zhaojun and Fahey, Gark and Golub, Gene},
  journal={Journal of Computational and Applied Mathematics},
  volume={74},
  number={1-2},
  pages={71--89},
  year={1996},
  publisher={Elsevier}
}

@article{ubaru2017fast,
  title={Fast Estimation of tr(f(A)) via Stochastic Lanczos Quadrature},
  author={Ubaru, Shashanka and Chen, Jie and Saad, Yousef},
  journal={SIAM Journal on Matrix Analysis and Applications},
  volume={38},
  number={4},
  pages={1075--1099},
  year={2017},
  publisher={SIAM}
}



@inproceedings{han2015large,
  title={Large-scale log-determinant computation through stochastic Chebyshev expansions},
  author={Han, Insu and Malioutov, Dmitry and Shin, Jinwoo},
  booktitle={International Conference on Machine Learning},
  pages={908--917},
  year={2015}
}

@article{roosta2015improved,
  title={Improved bounds on sample size for implicit matrix trace estimators},
  author={Roosta-Khorasani, Farbod and Ascher, Uri},
  journal={Foundations of Computational Mathematics},
  volume={15},
  number={5},
  pages={1187--1212},
  year={2015},
  publisher={Springer}
}

@Article{Meurant2009,
author="Meurant, G{\'e}rard",
title="Estimates of the trace of the inverse of a symmetric matrix using the modified Chebyshev algorithm",
journal="Numerical Algorithms",
year="2009",
month="Jul",
day="01",
volume="51",
number="3",
pages="309--318",
abstract="In this paper we study how to compute an estimate of the trace of the inverse of a symmetric matrix by using Gauss quadrature and the modified Chebyshev algorithm. As auxiliary polynomials we use the shifted Chebyshev polynomials. Since this can be too costly in computer storage for large matrices we also propose to compute the modified moments with a stochastic approach due to Hutchinson (Commun Stat Simul 18:1059--1076, 1989).",
issn="1572-9265",
doi="10.1007/s11075-008-9246-z",
url="https://doi.org/10.1007/s11075-008-9246-z"
}

@article{fika2017stochastic,
  title={Stochastic estimates for the trace of functions of matrices via Hadamard matrices},
  author={Fika, Paraskevi and Koukouvinos, Christos},
  journal={Communications in Statistics-Simulation and Computation},
  volume={46},
  number={5},
  pages={3491--3503},
  year={2017},
  publisher={Taylor \& Francis}
}
@article{fitzsimons2016improved,
  title={Improved stochastic trace estimation using mutually unbiased bases},
  author={Fitzsimons, Jack K and Osborne, Michael A and Roberts, Stephen J and Fitzsimons, Joseph F},
  journal={arXiv preprint arXiv:1608.00117},
  year={2016}
}
