@inproceedings{ubaru2017applications,
  title={Applications of trace estimation techniques},
  author={Ubaru, Shashanka and Saad, Yousef},
  booktitle={International Conference on High Performance Computing in Science and Engineering},
  pages={19--33},
  year={2017},
  organization={Springer}
}

@article{hutchinson1989stochastic,
  title={A stochastic estimator of the trace of the influence matrix for Laplacian smoothing splines},
  author={Hutchinson, MF},
  journal={Communications in Statistics-Simulation and Computation},
  volume={18},
  number={3},
  pages={1059--1076},
  year={1989},
  publisher={Taylor \& Francis}
}

@article{ubaru2017fast,
  title={Fast Estimation of tr(f(A)) via Stochastic Lanczos Quadrature},
  author={Ubaru, Shashanka and Chen, Jie and Saad, Yousef},
  journal={SIAM Journal on Matrix Analysis and Applications},
  volume={38},
  number={4},
  pages={1075--1099},
  year={2017},
  publisher={SIAM}
}

@inproceedings{han2015large,
  title={Large-scale log-determinant computation through stochastic Chebyshev expansions},
  author={Han, Insu and Malioutov, Dmitry and Shin, Jinwoo},
  booktitle={International Conference on Machine Learning},
  pages={908--917},
  year={2015}
}

@article{meurant2009estimates,
  title={Estimates of the trace of the inverse of a symmetric matrix using the modified Chebyshev algorithm},
  author={Meurant, G{\'e}rard},
  journal={Numerical Algorithms},
  volume={51},
  number={3},
  pages={309--318},
  year={2009},
  publisher={Springer}
}

@article{bai1996some,
  title={Some large-scale matrix computation problems},
  author={Bai, Zhaojun and Fahey, Gark and Golub, Gene},
  journal={Journal of Computational and Applied Mathematics},
  volume={74},
  number={1-2},
  pages={71--89},
  year={1996},
  publisher={Elsevier}
}

@article{roosta2015improved,
  title={Improved bounds on sample size for implicit matrix trace estimators},
  author={Roosta-Khorasani, Farbod and Ascher, Uri},
  journal={Foundations of Computational Mathematics},
  volume={15},
  number={5},
  pages={1187--1212},
  year={2015},
  publisher={Springer}
}

@article{meurant2009estimates,
  title={Estimates of the trace of the inverse of a symmetric matrix using the modified Chebyshev algorithm},
  author={Meurant, G{\'e}rard},
  journal={Numerical Algorithms},
  volume={51},
  number={3},
  pages={309--318},
  year={2009},
  publisher={Springer}
}

@article{fika2017stochastic,
  title={Stochastic estimates for the trace of functions of matrices via Hadamard matrices},
  author={Fika, Paraskevi and Koukouvinos, Christos},
  journal={Communications in Statistics-Simulation and Computation},
  volume={46},
  number={5},
  pages={3491--3503},
  year={2017},
  publisher={Taylor \& Francis}
}
@article{fitzsimons2016improved,
  title={Improved stochastic trace estimation using mutually unbiased bases},
  author={Fitzsimons, Jack K and Osborne, Michael A and Roberts, Stephen J and Fitzsimons, Joseph F},
  journal={arXiv preprint arXiv:1608.00117},
  year={2016}
}

@article{wu2016estimating,
  title={Estimating the trace of the matrix inverse by interpolating from the diagonal of an approximate inverse},
  author={Wu, Lingfei and Laeuchli, Jesse and Kalantzis, Vassilis and Stathopoulos, Andreas and Gallopoulos, Efstratios},
  journal={Journal of Computational Physics},
  volume={326},
  pages={828--844},
  year={2016},
  publisher={Elsevier}
}

@article{strassburg2013monte,
  title={A Monte Carlo approach to sparse approximate inverse matrix computations},
  author={Stra{\ss}burg, J and Alexandrov, Vassil N},
  journal={Procedia Computer Science},
  volume={18},
  pages={2307--2316},
  year={2013},
  publisher={Elsevier}
}

@article{stathopoulos2013hierarchical,
  title={Hierarchical probing for estimating the trace of the matrix inverse on toroidal lattices},
  author={Stathopoulos, Andreas and Laeuchli, Jesse and Orginos, Kostas},
  journal={SIAM Journal on Scientific Computing},
  volume={35},
  number={5},
  pages={S299--S322},
  year={2013},
  publisher={SIAM}
}
@article{yoon2016estimation,
  title={Estimation of matrix trace using machine learning},
  author={Yoon, Boram},
  journal={arXiv preprint arXiv:1606.05560},
  year={2016}
}